
@article{mouhotFastAlgorithmsComputing2006,
  title = {Fast Algorithms for Computing the {{Boltzmann}} Collision Operator},
  author = {Mouhot, Cl\textbackslash{}'\{e\}ment and Pareschi, Lorenzo},
  year = {2006},
  volume = {75},
  pages = {1833--1852},
  issn = {0025-5718},
  journal = {Math. Comput.}
}

@article{pareschiNumericalSolutionBoltzmann2000,
  title = {Numerical Solution of the {{Boltzmann}} Equation {{I}}: {{Spectrally}} Accurate Approximation of the Collision Operator},
  author = {Pareschi, Lorenzo and Russo, Giovanni},
  year = {2000},
  volume = {37},
  pages = {1217--1245},
  issn = {0036-1429},
  journal = {SIAM J. Numer. Anal.}
}


